<record><leader>00000cas a2200000 a 4500</leader><controlfield tag="001">25443696</controlfield><controlfield tag="008">920311d18871892iluwr ne      0   a0eng c</controlfield><datafield ind1=" " ind2=" " tag="010"><subfield code="a">sn 92053156 </subfield></datafield><datafield ind1=" " ind2=" " tag="040"><subfield code="a">NVF</subfield><subfield code="b">eng</subfield><subfield code="c">NVF</subfield><subfield code="d">NVF</subfield><subfield code="d">OCLCQ</subfield><subfield code="d">OCLCF</subfield><subfield code="d">OCLCO</subfield><subfield code="d">NVF</subfield></datafield><datafield ind1=" " ind2=" " tag="042"><subfield code="a">pcc</subfield></datafield><datafield ind1=" " ind2=" " tag="043"><subfield code="a">n-us-il</subfield></datafield><datafield ind1="0" ind2=" " tag="130"><subfield code="a">Piatt independent (Monticello, Ill. : 1887)</subfield></datafield><datafield ind1="1" ind2="4" tag="245"><subfield code="a">The Piatt independent.</subfield></datafield><datafield ind1=" " ind2=" " tag="260"><subfield code="a">Monticello, Ill. :</subfield><subfield code="b">G.A. Burgess,</subfield><subfield code="c">1887-1892.</subfield></datafield><datafield ind1=" " ind2=" " tag="300"><subfield code="a">v.</subfield></datafield><datafield ind1=" " ind2=" " tag="310"><subfield code="a">Weekly</subfield></datafield><datafield ind1="0" ind2=" " tag="362"><subfield code="a">Vol. 1, no. 1 (Dec. 15, 1887)-v. 5, no. 18 (Apr. 7, 1892).</subfield></datafield><datafield ind1=" " ind2=" " tag="580"><subfield code="a">Daily fair ed.: Daily independent (Monticello, Ill.), &lt;1889&gt;.</subfield></datafield><datafield ind1=" " ind2=" " tag="580"><subfield code="a">Merged with: Piatt County herald, to form: Piatt County Republican.</subfield></datafield><datafield ind1=" " ind2="0" tag="651"><subfield code="a">Monticello (Ill.)</subfield><subfield code="v">Newspapers.</subfield></datafield><datafield ind1=" " ind2="0" tag="651"><subfield code="a">Piatt County (Ill.)</subfield><subfield code="v">Newspapers.</subfield></datafield><datafield ind1=" " ind2="7" tag="651"><subfield code="a">Illinois</subfield><subfield code="z">Monticello.</subfield><subfield code="2">fast</subfield><subfield code="0">(OCoLC)fst01212123</subfield></datafield><datafield ind1=" " ind2="7" tag="651"><subfield code="a">Illinois</subfield><subfield code="z">Piatt County.</subfield><subfield code="2">fast</subfield><subfield code="0">(OCoLC)fst01215006</subfield></datafield><datafield ind1=" " ind2="7" tag="655"><subfield code="a">Newspapers.</subfield><subfield code="2">fast</subfield><subfield code="0">(OCoLC)fst01423814</subfield></datafield><datafield ind1=" " ind2=" " tag="752"><subfield code="a">United States</subfield><subfield code="b">Illinois</subfield><subfield code="c">Piatt County</subfield><subfield code="d">Monticello.</subfield></datafield><datafield ind1="1" ind2=" " tag="775"><subfield code="t">Daily independent (Monticello, Ill.)</subfield><subfield code="w">(DLC)sn 92053157</subfield><subfield code="w">(OCoLC)25447189</subfield></datafield><datafield ind1="1" ind2="7" tag="785"><subfield code="t">Piatt County herald</subfield><subfield code="w">(DLC)sn 87056734</subfield><subfield code="w">(OCoLC)17166096</subfield></datafield><datafield ind1="1" ind2="7" tag="785"><subfield code="t">Piatt County Republican</subfield><subfield code="w">(DLC)sn 87082506</subfield><subfield code="w">(OCoLC)15807840</subfield></datafield><datafield ind1="1" ind2=" " tag="029"><subfield code="a">AU@</subfield><subfield code="b">000020742552</subfield></datafield></record>